<?xml version="1.0" encoding="UTF-8"?><record xmlns="http://www.loc.gov/MARC21/slim" xmlns:cinclude="http://apache.org/cocoon/include/1.0" xmlns:zs="http://www.loc.gov/zing/srw/">
  <leader>00480nz  a2200157n  4500</leader>
  <controlfield tag="001">no2008093082</controlfield>
  <controlfield tag="003">DLC</controlfield>
  <controlfield tag="005">20080626081155.0</controlfield>
  <controlfield tag="008">080619n| acannaabn          |a aaa     c</controlfield>
  <datafield tag="010" ind1=" " ind2=" ">
    <subfield code="a">no2008093082</subfield>
  </datafield>
  <datafield tag="035" ind1=" " ind2=" ">
    <subfield code="a">(OCoLC)oca07803821</subfield>
  </datafield>
  <datafield tag="040" ind1=" " ind2=" ">
    <subfield code="a">MX-SlUA</subfield>
    <subfield code="b">eng</subfield>
    <subfield code="c">MX-SlUA</subfield>
  </datafield>
  <datafield tag="100" ind1="1" ind2=" ">
    <subfield code="a">Pablo Martiﾌ］ez, Arturo de</subfield>
  </datafield>
  <datafield tag="400" ind1="1" ind2=" ">
    <subfield code="a">Martiﾌ］ez, Arturo de Pablo</subfield>
  </datafield>
  <datafield tag="400" ind1="1" ind2=" ">
    <subfield code="a">De Pablo Martiﾌ］ez, Arturo</subfield>
  </datafield>
  <datafield tag="670" ind1=" " ind2=" ">
    <subfield code="a">Ecuaciones en derivadas parciales, c2003:</subfield>
    <subfield code="b">t.p. (tr. Arturo de Pablo Martiﾌ］ez)</subfield>
  </datafield>
</record>